@inproceedings{AIDprototypeAgricultural,
  title = {{{AID}}: {{A}} Prototype for {{Agricultural Intrusion Detection}} Using {{Wireless Sensor Network}}},
  shorttitle = {{{AID}}},
  booktitle = {2015 {{IEEE International Conference}} on {{Communications}} ({{ICC}})},
  author = {Roy, Sanku Kumar and Roy, Arijit and Misra, Sudip and Raghuwanshi, Narendra S. and Obaidat, Mohammad S.},
  year = {2015},
  month = jun,
  pages = {7059--7064},
  issn = {1938-1883},
  doi = {10.1109/ICC.2015.7249452},
  url = {https://ieeexplore.ieee.org/document/7249452},
  urldate = {2024-12-30},
  abstract = {In many developing countries, agriculture is one of the primary livelihoods of common people. Agriculture requires various types of technologies for improving crop yields. The attack of animals in the agricultural land and the theft of crops by humans cause heavy loss in cultivation. In this work, we propose a hardware prototype using Wireless Sensor Network (WSN) for intruder detection in an agricultural field. The proposed system is named Agricultural Intrusion Detection (AID). AID helps to generate alarms in the farmer's house and at the same time transmits a text message to the farmer's cell phone when an intruder enters into the field. In order to implement the proposed scheme, we design and deploy Advanced Virtual RISC (AVR) micro-controller-based wireless sensor boards over an outdoor environment and evaluate the performance.},
  keywords = {Acoustics,Agriculture,AVR Micro-controller based Wireless Sensor Boards,Intrusion detection,Intrusion Detection,Monitoring,Prototypes,Wireless communication,Wireless sensor networks,Wireless Sensor Networks}
}

@book{EnablingThingsTalk,
  title = {Enabling {{Things}} to {{Talk}}: {{Designing IoT}} Solutions with the {{IoT Architectural Reference Model}}},
  shorttitle = {Enabling {{Things}} to {{Talk}}},
  editor = {Bassi, Alessandro and Bauer, Martin and Fiedler, Martin and Kramp, Thorsten and Van Kranenburg, Rob and Lange, Sebastian and Meissner, Stefan},
  year = {2013},
  publisher = {Springer Berlin Heidelberg},
  address = {Berlin, Heidelberg},
  doi = {10.1007/978-3-642-40403-0},
  url = {https://link.springer.com/10.1007/978-3-642-40403-0},
  urldate = {2024-12-10},
  copyright = {https://creativecommons.org/licenses/by-nc/2.5/},
  isbn = {978-3-642-40402-3 978-3-642-40403-0},
  langid = {english}
}

@article{ImplementationCropProtection,
  title = {Implementation of {{Crop Protection System}} against {{Wild Animals Attack}}},
  author = {Deepa, Dr S. and G, Alagulakshmi and R, Illakkiavathy and M, Keerthana and S, Preethi K.},
  year = {2021},
  month = may,
  journal = {Annals of the Romanian Society for Cell Biology},
  pages = {3638--3646},
  url = {http://annalsofrscb.ro/index.php/journal/article/view/5031},
  urldate = {2024-12-30},
  abstract = {In the agriculture field, the crop yielding isacquiring minimized by the wild animal attacks. The necessary factor is to stop the animals that pass out of the forest into the agricultural land,hasbecomeoneinalltheincreasingissuethatinfluence agriculture. The farmers ache heaps by the animal barrage. Generally, individuals additionally lost their lives whereas they struggle to banish the animals out of their place. The animals set foot into the agricultural land due to the shortage of water supplies within the forest areas and deforestation.To enhance agriculture because of the endurance of the fittest,wild animals that a set foot in to the Agricultural land is often viewed and a repelled device is employed to supply the ultrasound thatannoystheanimalsanddirectsthem.Togetherwithahearth detector is superimposed to avoid the spreading of fireside from the biological science areas to the agriculture. With the assistance of IoT,an alert are often given relating to the animal foot in and also the forestfire.},
  copyright = {Copyright (c) 2021},
  langid = {english}
}

@misc{importanciacazaEspana,
  title = {{La importancia de la caza en la Espa{\~n}a vaciada: una actividad que genera 186.750 puestos de trabajo}},
  shorttitle = {{La importancia de la caza en la Espa{\~n}a vaciada}},
  author = {Arce, Juan},
  year = {2022},
  month = apr,
  journal = {Revista Jara y Sedal},
  url = {https://revistajaraysedal.es/importancia-caza-espana-vaciada/},
  urldate = {2024-12-30},
  abstract = {En este art{\'i}culo analizamos el impacto de la actividad cineg{\'e}tica en el mundo rural. En cuanto a la caza como motor econ{\'o}mico debemos destacar que se trata de una actividad que genera al a{\~n}o 186.750 puestos de trabajo con un impacto equivalente al 0,3\% del PIB anual.},
  langid = {spanish}
}

@misc{Yanosolo,
  title = {{"Ya no solo es vaciada, ahora estamos en la Espa{\~n}a quemada"}},
  author = {de Burgos, Diario},
  year = {2022},
  month = jul,
  journal = {Diario de Burgos},
  url = {https://www.diariodeburgos.es/noticia/z471df8f0-fcd1-f8ef-5d505495c8c2856f/202207/ya-no-solo-es-vaciada-ahora-estamos-en-la-espana-quemada},
  urldate = {2024-12-30},
  abstract = {"{\textquestiondown}Qu{\'e} vamos a hacer?", se preguntan desolados los vecinos de las {\'a}reas afectadas por los dos grandes incendios de Zamora},
  langid = {spanish}
}
